<?xml version="1.0" encoding="UTF-8"?><record xmlns="http://www.loc.gov/MARC21/slim" xmlns:cinclude="http://apache.org/cocoon/include/1.0" xmlns:zs="http://www.loc.gov/zing/srw/">
  <leader>00503nz  a2200133n  4500</leader>
  <controlfield tag="001">no2013013965</controlfield>
  <controlfield tag="003">DLC</controlfield>
  <controlfield tag="005">20130209075327.0</controlfield>
  <controlfield tag="008">130207n| azannaabn          |n ana     c</controlfield>
  <datafield tag="010" ind1=" " ind2=" ">
    <subfield code="a">no2013013965</subfield>
  </datafield>
  <datafield tag="035" ind1=" " ind2=" ">
    <subfield code="a">(OCoLC)oca09400387</subfield>
  </datafield>
  <datafield tag="040" ind1=" " ind2=" ">
    <subfield code="a">NjP</subfield>
    <subfield code="b">eng</subfield>
    <subfield code="e">rda</subfield>
    <subfield code="c">NjP</subfield>
  </datafield>
  <datafield tag="110" ind1="2" ind2=" ">
    <subfield code="a">Fathom China Ltd.</subfield>
  </datafield>
  <datafield tag="670" ind1=" " ind2=" ">
    <subfield code="a">In profile Baidu, 2010:</subfield>
    <subfield code="b">t.p. (Fathom China Ltd.) title page verso (Fathom China Ltd is an independent research company that conducts focused due-diligence investigations on frims and executives in China)</subfield>
  </datafield>
</record>